% This is the list of all books and articles on History to be used in history related articles

@book{ambedkar1,
author = "B. R. Ambedkar",
title = "The untouchables - {W}ho were they and why they became untouchables?",
year = "1948"
}

@book{stanleyrice1,
author = "Stanley Rice",
title = "Hindu {C}ustoms and their {O}rigins",
year = "1937"
}

@book{dubois1,
author = "Abbe Dubois",
title = "Hindu {M}anners, {C}ustoms and {C}eremonies",
year = "1905"
}